<?xml version="1.0" encoding="UTF-8"?><record xmlns="http://www.loc.gov/MARC21/slim" xmlns:cinclude="http://apache.org/cocoon/include/1.0" xmlns:zs="http://www.loc.gov/zing/srw/">
  <leader>00472cz  a2200157n  4500</leader>
  <controlfield tag="001">n 2005060607</controlfield>
  <controlfield tag="003">DLC</controlfield>
  <controlfield tag="005">20100327075011.0</controlfield>
  <controlfield tag="008">050816n| acannaabn          |a aaa      </controlfield>
  <datafield tag="010" ind1=" " ind2=" ">
    <subfield code="a">n 2005060607</subfield>
  </datafield>
  <datafield tag="040" ind1=" " ind2=" ">
    <subfield code="a">DLC</subfield>
    <subfield code="c">DLC</subfield>
  </datafield>
  <datafield tag="100" ind1="1" ind2=" ">
    <subfield code="a">Gimferrer, Pere,</subfield>
    <subfield code="d">1945-</subfield>
    <subfield code="t">Poems.</subfield>
    <subfield code="k">Selections</subfield>
  </datafield>
  <datafield tag="400" ind1="1" ind2=" ">
    <subfield code="a">Gimferrer, Pere,</subfield>
    <subfield code="d">1945-</subfield>
    <subfield code="t">Antologia poeĚtica</subfield>
  </datafield>
  <datafield tag="400" ind1="1" ind2=" ">
    <subfield code="a">Gimferrer, Pere,</subfield>
    <subfield code="d">1945-</subfield>
    <subfield code="t">24 poemas</subfield>
  </datafield>
  <datafield tag="670" ind1=" " ind2=" ">
    <subfield code="a">Gimferrer, Pere. Antologia poeĚtica, 1999.</subfield>
  </datafield>
  <datafield tag="670" ind1=" " ind2=" ">
    <subfield code="a">His 24 poemas, 2009.</subfield>
  </datafield>
</record>